@inproceedings{le2017coordinated,
  title={Coordinated multi-agent imitation learning},
  author={Le, Hoang M and Yue, Yisong and Carr, Peter and Lucey, Patrick},
  booktitle={Proceedings of the 34th International Conference on Machine Learning-Volume 70},
  pages={1995--2003},
  year={2017},
  organization={JMLR. org}
}

@inproceedings{sukhbaatar2016learning,
	title={Learning multiagent communication with backpropagation},
	author={Sukhbaatar, Sainbayar and Fergus, Rob and others},
	booktitle={Advances in neural information processing systems},
	pages={2244--2252},
	year={2016}
}

@inproceedings{ho2016generative,
	title={Generative adversarial imitation learning},
	author={Ho, Jonathan and Ermon, Stefano},
	booktitle={Advances in neural information processing systems},
	pages={4565--4573},
	year={2016}
}

@article{schaal1999imitation,
	title={Is imitation learning the route to humanoid robots?},
	author={Schaal, Stefan},
	journal={Trends in cognitive sciences},
	volume={3},
	number={6},
	pages={233--242},
	year={1999},
	publisher={Elsevier}
}

@techreport{calinon2007learning,
	title={Learning of gestures by imitation in a humanoid robot},
	author={Calinon, Sylvain and Billard, Aude},
	year={2007},
	institution={Cambridge University Press}
}

@masterthesis{marcoverna2020,
	title={Learning distributed controllers by backpropagation},
	author={Verna, Marco},
	school={Universitá della Svizzera Italiana},
	year={2020}
}

@inproceedings{guzzi2018model,
	title={A model of artificial emotions for behavior-modulation and implicit coordination in multi-robot systems},
	author={Guzzi, J{\'e}r{\^o}me and Giusti, Alessandro and Gambardella, Luca M and Di Caro, Gianni A},
	booktitle={Proceedings of the Genetic and Evolutionary Computation Conference},
	pages={21--28},
	year={2018}
}

@article{alonso2019distributed,
	title={Distributed multi-robot formation control in dynamic environments},
	author={Alonso-Mora, Javier and Montijano, Eduardo and N{\"a}geli, Tobias and Hilliges, Otmar and Schwager, Mac and 
	Rus, Daniela},
	journal={Autonomous Robots},
	volume={43},
	number={5},
	pages={1079--1100},
	year={2019},
	publisher={Springer}
}

@article{ivanov2019distribution,
	title={Distribution of roles in groups of robots with limited communications based on the swarm interaction},
	author={Ivanov, D Ya},
	journal={Procedia Computer Science},
	volume={150},
	pages={518--523},
	year={2019},
	publisher={Elsevier}
}

@article{li2019two,
	title={A two-stage imitation learning framework for the multi-target search problem in swarm robotics},
	author={Li, Jie and Tan, Ying},
	journal={Neurocomputing},
	volume={334},
	pages={249--264},
	year={2019},
	publisher={Elsevier}
}

@misc{roboticswebsite,
	author={Di Caro, Gianni},
	title={Autonomous Swarm/Multi-robot systems and Human-in-the-loop},
	url={http://www.giannidicaro.com/robotics.html}
}

@electronic{enki,
	author = {Magnenat, Stéphane and others},
	title = {Enki: A fast {2D} robot simulator},
	url = {https://github.com/enki-community/enki},
	year = {1999}
}

@electronic{enki-jguzzi,
	author = {Guzzi, Jérôme},
	title = {{marXbot} support for {Enki} simulator},
	url = {https://jeguzzi.github.io/enki/intro.html},
	year = {2020}
}

@electronic{github,
	author={Adorni, Giorgia},
	title={learning-robot-swarm-controllers},
	url={https://github.com/GiorgiaAuroraAdorni/learning-robot-swarm-controllers},
	year={2020}
}
